/home/rcannood/Workspace/library.bib